%YAML 1.1
%TAG !u! tag:unity3d.com,2011:
--- !u!1 &3196351622563421265
GameObject:
  m_ObjectHideFlags: 0
  m_CorrespondingSourceObject: {fileID: 0}
  m_PrefabInstance: {fileID: 0}
  m_PrefabAsset: {fileID: 0}
  serializedVersion: 6
  m_Component:
  - component: {fileID: 6301177228605115088}
  m_Layer: 0
  m_Name: playerObject
  m_TagString: Untagged
  m_Icon: {fileID: 0}
  m_NavMeshLayer: 0
  m_StaticEditorFlags: 0
  m_IsActive: 1
--- !u!4 &6301177228605115088
Transform:
  m_ObjectHideFlags: 0
  m_CorrespondingSourceObject: {fileID: 0}
  m_PrefabInstance: {fileID: 0}
  m_PrefabAsset: {fileID: 0}
  m_GameObject: {fileID: 3196351622563421265}
  m_LocalRotation: {x: 0, y: 0, z: 0, w: 1}
  m_LocalPosition: {x: 0, y: 0, z: 0}
  m_LocalScale: {x: 1, y: 1, z: 1}
  m_Children:
  - {fileID: 6470910980294183143}
  - {fileID: 6470910980911632027}
  m_Father: {fileID: 0}
  m_RootOrder: 0
  m_LocalEulerAnglesHint: {x: 0, y: 0, z: 0}
--- !u!1 &6470910980091832521
GameObject:
  m_ObjectHideFlags: 0
  m_CorrespondingSourceObject: {fileID: 0}
  m_PrefabInstance: {fileID: 0}
  m_PrefabAsset: {fileID: 0}
  serializedVersion: 6
  m_Component:
  - component: {fileID: 6470910980091832520}
  - component: {fileID: 6470910980091832517}
  - component: {fileID: 6470910980091832518}
  m_Layer: 0
  m_Name: Sphere (1)
  m_TagString: Untagged
  m_Icon: {fileID: 0}
  m_NavMeshLayer: 0
  m_StaticEditorFlags: 0
  m_IsActive: 1
--- !u!4 &6470910980091832520
Transform:
  m_ObjectHideFlags: 0
  m_CorrespondingSourceObject: {fileID: 0}
  m_PrefabInstance: {fileID: 0}
  m_PrefabAsset: {fileID: 0}
  m_GameObject: {fileID: 6470910980091832521}
  m_LocalRotation: {x: 0.7071068, y: 0, z: 0, w: 0.7071068}
  m_LocalPosition: {x: 0.38, y: -0, z: 0.303}
  m_LocalScale: {x: 0.02, y: 0.45910823, z: 0.020000014}
  m_Children: []
  m_Father: {fileID: 6470910980911632027}
  m_RootOrder: 0
  m_LocalEulerAnglesHint: {x: 90, y: 0, z: 0}
--- !u!33 &6470910980091832517
MeshFilter:
  m_ObjectHideFlags: 0
  m_CorrespondingSourceObject: {fileID: 0}
  m_PrefabInstance: {fileID: 0}
  m_PrefabAsset: {fileID: 0}
  m_GameObject: {fileID: 6470910980091832521}
  m_Mesh: {fileID: 10206, guid: 0000000000000000e000000000000000, type: 0}
--- !u!23 &6470910980091832518
MeshRenderer:
  m_ObjectHideFlags: 0
  m_CorrespondingSourceObject: {fileID: 0}
  m_PrefabInstance: {fileID: 0}
  m_PrefabAsset: {fileID: 0}
  m_GameObject: {fileID: 6470910980091832521}
  m_Enabled: 1
  m_CastShadows: 1
  m_ReceiveShadows: 1
  m_DynamicOccludee: 1
  m_MotionVectors: 1
  m_LightProbeUsage: 1
  m_ReflectionProbeUsage: 1
  m_RenderingLayerMask: 1
  m_RendererPriority: 0
  m_Materials:
  - {fileID: 10303, guid: 0000000000000000f000000000000000, type: 0}
  m_StaticBatchInfo:
    firstSubMesh: 0
    subMeshCount: 0
  m_StaticBatchRoot: {fileID: 0}
  m_ProbeAnchor: {fileID: 0}
  m_LightProbeVolumeOverride: {fileID: 0}
  m_ScaleInLightmap: 1
  m_ReceiveGI: 1
  m_PreserveUVs: 0
  m_IgnoreNormalsForChartDetection: 0
  m_ImportantGI: 0
  m_StitchLightmapSeams: 1
  m_SelectedEditorRenderState: 3
  m_MinimumChartSize: 4
  m_AutoUVMaxDistance: 0.5
  m_AutoUVMaxAngle: 89
  m_LightmapParameters: {fileID: 0}
  m_SortingLayerID: 0
  m_SortingLayer: 0
  m_SortingOrder: 0
--- !u!1 &6470910980294183147
GameObject:
  m_ObjectHideFlags: 0
  m_CorrespondingSourceObject: {fileID: 0}
  m_PrefabInstance: {fileID: 0}
  m_PrefabAsset: {fileID: 0}
  serializedVersion: 6
  m_Component:
  - component: {fileID: 6470910980294183143}
  - component: {fileID: 6470910980294183144}
  - component: {fileID: 6470910980294183145}
  - component: {fileID: 6470910980294183146}
  m_Layer: 0
  m_Name: fulcrum
  m_TagString: Untagged
  m_Icon: {fileID: 0}
  m_NavMeshLayer: 0
  m_StaticEditorFlags: 0
  m_IsActive: 1
--- !u!4 &6470910980294183143
Transform:
  m_ObjectHideFlags: 0
  m_CorrespondingSourceObject: {fileID: 0}
  m_PrefabInstance: {fileID: 0}
  m_PrefabAsset: {fileID: 0}
  m_GameObject: {fileID: 6470910980294183147}
  m_LocalRotation: {x: -0, y: -0, z: -0, w: 1}
  m_LocalPosition: {x: 0.01, y: 4.84, z: 0}
  m_LocalScale: {x: 0.2, y: 0.2, z: 0.2}
  m_Children: []
  m_Father: {fileID: 6301177228605115088}
  m_RootOrder: 0
  m_LocalEulerAnglesHint: {x: 0, y: 0, z: 0}
--- !u!33 &6470910980294183144
MeshFilter:
  m_ObjectHideFlags: 0
  m_CorrespondingSourceObject: {fileID: 0}
  m_PrefabInstance: {fileID: 0}
  m_PrefabAsset: {fileID: 0}
  m_GameObject: {fileID: 6470910980294183147}
  m_Mesh: {fileID: 10202, guid: 0000000000000000e000000000000000, type: 0}
--- !u!23 &6470910980294183145
MeshRenderer:
  m_ObjectHideFlags: 0
  m_CorrespondingSourceObject: {fileID: 0}
  m_PrefabInstance: {fileID: 0}
  m_PrefabAsset: {fileID: 0}
  m_GameObject: {fileID: 6470910980294183147}
  m_Enabled: 0
  m_CastShadows: 1
  m_ReceiveShadows: 1
  m_DynamicOccludee: 1
  m_MotionVectors: 1
  m_LightProbeUsage: 1
  m_ReflectionProbeUsage: 1
  m_RenderingLayerMask: 1
  m_RendererPriority: 0
  m_Materials:
  - {fileID: 10303, guid: 0000000000000000f000000000000000, type: 0}
  m_StaticBatchInfo:
    firstSubMesh: 0
    subMeshCount: 0
  m_StaticBatchRoot: {fileID: 0}
  m_ProbeAnchor: {fileID: 0}
  m_LightProbeVolumeOverride: {fileID: 0}
  m_ScaleInLightmap: 1
  m_ReceiveGI: 1
  m_PreserveUVs: 0
  m_IgnoreNormalsForChartDetection: 0
  m_ImportantGI: 0
  m_StitchLightmapSeams: 1
  m_SelectedEditorRenderState: 3
  m_MinimumChartSize: 4
  m_AutoUVMaxDistance: 0.5
  m_AutoUVMaxAngle: 89
  m_LightmapParameters: {fileID: 0}
  m_SortingLayerID: 0
  m_SortingLayer: 0
  m_SortingOrder: 0
--- !u!65 &6470910980294183146
BoxCollider:
  m_ObjectHideFlags: 0
  m_CorrespondingSourceObject: {fileID: 0}
  m_PrefabInstance: {fileID: 0}
  m_PrefabAsset: {fileID: 0}
  m_GameObject: {fileID: 6470910980294183147}
  m_Material: {fileID: 0}
  m_IsTrigger: 0
  m_Enabled: 1
  serializedVersion: 2
  m_Size: {x: 1, y: 1, z: 1}
  m_Center: {x: 0, y: 0, z: 0}
--- !u!1 &6470910980488080043
GameObject:
  m_ObjectHideFlags: 0
  m_CorrespondingSourceObject: {fileID: 0}
  m_PrefabInstance: {fileID: 0}
  m_PrefabAsset: {fileID: 0}
  serializedVersion: 6
  m_Component:
  - component: {fileID: 6470910980488080042}
  - component: {fileID: 6470910980488080039}
  - component: {fileID: 6470910980488080040}
  - component: {fileID: 6470910980488080041}
  m_Layer: 0
  m_Name: Cloth
  m_TagString: Untagged
  m_Icon: {fileID: 0}
  m_NavMeshLayer: 0
  m_StaticEditorFlags: 0
  m_IsActive: 1
--- !u!4 &6470910980488080042
Transform:
  m_ObjectHideFlags: 0
  m_CorrespondingSourceObject: {fileID: 0}
  m_PrefabInstance: {fileID: 0}
  m_PrefabAsset: {fileID: 0}
  m_GameObject: {fileID: 6470910980488080043}
  m_LocalRotation: {x: 0.7071068, y: 0, z: 0, w: 0.7071068}
  m_LocalPosition: {x: 0.37999988, y: 0, z: 0.7390001}
  m_LocalScale: {x: 1, y: 0.045910805, z: 1}
  m_Children: []
  m_Father: {fileID: 6470910980911632027}
  m_RootOrder: 1
  m_LocalEulerAnglesHint: {x: 90, y: 0, z: 0}
--- !u!33 &6470910980488080039
MeshFilter:
  m_ObjectHideFlags: 0
  m_CorrespondingSourceObject: {fileID: 0}
  m_PrefabInstance: {fileID: 0}
  m_PrefabAsset: {fileID: 0}
  m_GameObject: {fileID: 6470910980488080043}
  m_Mesh: {fileID: 10202, guid: 0000000000000000e000000000000000, type: 0}
--- !u!23 &6470910980488080040
MeshRenderer:
  m_ObjectHideFlags: 0
  m_CorrespondingSourceObject: {fileID: 0}
  m_PrefabInstance: {fileID: 0}
  m_PrefabAsset: {fileID: 0}
  m_GameObject: {fileID: 6470910980488080043}
  m_Enabled: 1
  m_CastShadows: 1
  m_ReceiveShadows: 1
  m_DynamicOccludee: 1
  m_MotionVectors: 1
  m_LightProbeUsage: 1
  m_ReflectionProbeUsage: 1
  m_RenderingLayerMask: 1
  m_RendererPriority: 0
  m_Materials:
  - {fileID: 10303, guid: 0000000000000000f000000000000000, type: 0}
  m_StaticBatchInfo:
    firstSubMesh: 0
    subMeshCount: 0
  m_StaticBatchRoot: {fileID: 0}
  m_ProbeAnchor: {fileID: 0}
  m_LightProbeVolumeOverride: {fileID: 0}
  m_ScaleInLightmap: 1
  m_ReceiveGI: 1
  m_PreserveUVs: 0
  m_IgnoreNormalsForChartDetection: 0
  m_ImportantGI: 0
  m_StitchLightmapSeams: 1
  m_SelectedEditorRenderState: 3
  m_MinimumChartSize: 4
  m_AutoUVMaxDistance: 0.5
  m_AutoUVMaxAngle: 89
  m_LightmapParameters: {fileID: 0}
  m_SortingLayerID: 0
  m_SortingLayer: 0
  m_SortingOrder: 0
--- !u!65 &6470910980488080041
BoxCollider:
  m_ObjectHideFlags: 0
  m_CorrespondingSourceObject: {fileID: 0}
  m_PrefabInstance: {fileID: 0}
  m_PrefabAsset: {fileID: 0}
  m_GameObject: {fileID: 6470910980488080043}
  m_Material: {fileID: 0}
  m_IsTrigger: 0
  m_Enabled: 1
  serializedVersion: 2
  m_Size: {x: 1, y: 1, z: 1}
  m_Center: {x: 0, y: 0, z: 0}
--- !u!1 &6470910980911632028
GameObject:
  m_ObjectHideFlags: 0
  m_CorrespondingSourceObject: {fileID: 0}
  m_PrefabInstance: {fileID: 0}
  m_PrefabAsset: {fileID: 0}
  serializedVersion: 6
  m_Component:
  - component: {fileID: 6470910980911632027}
  - component: {fileID: 6470910980911632023}
  - component: {fileID: 6470910980911632024}
  - component: {fileID: 7183073507320899540}
  - component: {fileID: 7145542745667806263}
  - component: {fileID: 7973239651016712043}
  m_Layer: 0
  m_Name: umbllera
  m_TagString: Player
  m_Icon: {fileID: 0}
  m_NavMeshLayer: 0
  m_StaticEditorFlags: 0
  m_IsActive: 1
--- !u!4 &6470910980911632027
Transform:
  m_ObjectHideFlags: 0
  m_CorrespondingSourceObject: {fileID: 0}
  m_PrefabInstance: {fileID: 0}
  m_PrefabAsset: {fileID: 0}
  m_GameObject: {fileID: 6470910980911632028}
  m_LocalRotation: {x: -0.7071068, y: 0, z: 0, w: 0.7071068}
  m_LocalPosition: {x: -0.18, y: 1.61, z: 0}
  m_LocalScale: {x: 1, y: 1, z: 1}
  m_Children:
  - {fileID: 6470910980091832520}
  - {fileID: 6470910980488080042}
  - {fileID: 6470910981363076437}
  m_Father: {fileID: 6301177228605115088}
  m_RootOrder: 1
  m_LocalEulerAnglesHint: {x: -90, y: 0, z: 0}
--- !u!33 &6470910980911632023
MeshFilter:
  m_ObjectHideFlags: 0
  m_CorrespondingSourceObject: {fileID: 0}
  m_PrefabInstance: {fileID: 0}
  m_PrefabAsset: {fileID: 0}
  m_GameObject: {fileID: 6470910980911632028}
  m_Mesh: {fileID: 10206, guid: 0000000000000000e000000000000000, type: 0}
--- !u!23 &6470910980911632024
MeshRenderer:
  m_ObjectHideFlags: 0
  m_CorrespondingSourceObject: {fileID: 0}
  m_PrefabInstance: {fileID: 0}
  m_PrefabAsset: {fileID: 0}
  m_GameObject: {fileID: 6470910980911632028}
  m_Enabled: 0
  m_CastShadows: 1
  m_ReceiveShadows: 1
  m_DynamicOccludee: 1
  m_MotionVectors: 1
  m_LightProbeUsage: 1
  m_ReflectionProbeUsage: 1
  m_RenderingLayerMask: 1
  m_RendererPriority: 0
  m_Materials:
  - {fileID: 10303, guid: 0000000000000000f000000000000000, type: 0}
  m_StaticBatchInfo:
    firstSubMesh: 0
    subMeshCount: 0
  m_StaticBatchRoot: {fileID: 0}
  m_ProbeAnchor: {fileID: 0}
  m_LightProbeVolumeOverride: {fileID: 0}
  m_ScaleInLightmap: 1
  m_ReceiveGI: 1
  m_PreserveUVs: 0
  m_IgnoreNormalsForChartDetection: 0
  m_ImportantGI: 0
  m_StitchLightmapSeams: 1
  m_SelectedEditorRenderState: 3
  m_MinimumChartSize: 4
  m_AutoUVMaxDistance: 0.5
  m_AutoUVMaxAngle: 89
  m_LightmapParameters: {fileID: 0}
  m_SortingLayerID: 0
  m_SortingLayer: 0
  m_SortingOrder: 0
--- !u!114 &7183073507320899540
MonoBehaviour:
  m_ObjectHideFlags: 0
  m_CorrespondingSourceObject: {fileID: 0}
  m_PrefabInstance: {fileID: 0}
  m_PrefabAsset: {fileID: 0}
  m_GameObject: {fileID: 6470910980911632028}
  m_Enabled: 1
  m_EditorHideFlags: 0
  m_Script: {fileID: 11500000, guid: 48cba1e73c2cc1147a72f4b52cdb45e8, type: 3}
  m_Name: 
  m_EditorClassIdentifier: 
  gameManager: {fileID: 0}
  mainCamera: {fileID: 0}
  highCameraPos: 2
  lowCameraPos: 0
  cameraMoveVector: {x: 0, y: 0, z: 0}
  fulcrum: {fileID: 6470910980294183147}
  state: 0
  clothObject: {fileID: 6470910980488080043}
  openFallSpeed: 0.01
  riseSpeed: 0.005
  closeFallSpeed: 0.1
  risePoint: 7
  fallPoint: 5
  fallingScoreUp: 1
  flyScoreUp: 0.1
  risingScoreUp: 0.05
--- !u!136 &7145542745667806263
CapsuleCollider:
  m_ObjectHideFlags: 0
  m_CorrespondingSourceObject: {fileID: 0}
  m_PrefabInstance: {fileID: 0}
  m_PrefabAsset: {fileID: 0}
  m_GameObject: {fileID: 6470910980911632028}
  m_Material: {fileID: 0}
  m_IsTrigger: 0
  m_Enabled: 1
  m_Radius: 0.4251072
  m_Height: 1.5904609
  m_Direction: 2
  m_Center: {x: 0.14634532, y: -1.3704967e-17, z: 0.006848097}
--- !u!54 &7973239651016712043
Rigidbody:
  m_ObjectHideFlags: 0
  m_CorrespondingSourceObject: {fileID: 0}
  m_PrefabInstance: {fileID: 0}
  m_PrefabAsset: {fileID: 0}
  m_GameObject: {fileID: 6470910980911632028}
  serializedVersion: 2
  m_Mass: 1
  m_Drag: 0
  m_AngularDrag: 0.05
  m_UseGravity: 0
  m_IsKinematic: 0
  m_Interpolate: 0
  m_Constraints: 0
  m_CollisionDetection: 1
--- !u!1001 &6470910981363209757
PrefabInstance:
  m_ObjectHideFlags: 0
  serializedVersion: 2
  m_Modification:
    m_TransformParent: {fileID: 6470910980911632027}
    m_Modifications:
    - target: {fileID: 100200, guid: fe5e0906a210d7c4d9836be0563cdcce, type: 3}
      propertyPath: m_Name
      value: UTC_Default
      objectReference: {fileID: 0}
    - target: {fileID: 400200, guid: fe5e0906a210d7c4d9836be0563cdcce, type: 3}
      propertyPath: m_LocalPosition.x
      value: 0.0849998
      objectReference: {fileID: 0}
    - target: {fileID: 400200, guid: fe5e0906a210d7c4d9836be0563cdcce, type: 3}
      propertyPath: m_LocalPosition.y
      value: 0.12400019
      objectReference: {fileID: 0}
    - target: {fileID: 400200, guid: fe5e0906a210d7c4d9836be0563cdcce, type: 3}
      propertyPath: m_LocalPosition.z
      value: -0.8299999
      objectReference: {fileID: 0}
    - target: {fileID: 400200, guid: fe5e0906a210d7c4d9836be0563cdcce, type: 3}
      propertyPath: m_LocalRotation.x
      value: 0
      objectReference: {fileID: 0}
    - target: {fileID: 400200, guid: fe5e0906a210d7c4d9836be0563cdcce, type: 3}
      propertyPath: m_LocalRotation.y
      value: 1
      objectReference: {fileID: 0}
    - target: {fileID: 400200, guid: fe5e0906a210d7c4d9836be0563cdcce, type: 3}
      propertyPath: m_LocalRotation.z
      value: 0
      objectReference: {fileID: 0}
    - target: {fileID: 400200, guid: fe5e0906a210d7c4d9836be0563cdcce, type: 3}
      propertyPath: m_LocalRotation.w
      value: 0
      objectReference: {fileID: 0}
    - target: {fileID: 400200, guid: fe5e0906a210d7c4d9836be0563cdcce, type: 3}
      propertyPath: m_RootOrder
      value: 2
      objectReference: {fileID: 0}
    - target: {fileID: 400200, guid: fe5e0906a210d7c4d9836be0563cdcce, type: 3}
      propertyPath: m_LocalEulerAnglesHint.x
      value: 0
      objectReference: {fileID: 0}
    - target: {fileID: 400200, guid: fe5e0906a210d7c4d9836be0563cdcce, type: 3}
      propertyPath: m_LocalEulerAnglesHint.y
      value: 180
      objectReference: {fileID: 0}
    - target: {fileID: 400200, guid: fe5e0906a210d7c4d9836be0563cdcce, type: 3}
      propertyPath: m_LocalEulerAnglesHint.z
      value: 0
      objectReference: {fileID: 0}
    - target: {fileID: 400064, guid: fe5e0906a210d7c4d9836be0563cdcce, type: 3}
      propertyPath: m_LocalRotation.x
      value: 0.9996764
      objectReference: {fileID: 0}
    - target: {fileID: 400064, guid: fe5e0906a210d7c4d9836be0563cdcce, type: 3}
      propertyPath: m_LocalRotation.y
      value: 0.00039808312
      objectReference: {fileID: 0}
    - target: {fileID: 400064, guid: fe5e0906a210d7c4d9836be0563cdcce, type: 3}
      propertyPath: m_LocalRotation.z
      value: -0.025436824
      objectReference: {fileID: 0}
    - target: {fileID: 400064, guid: fe5e0906a210d7c4d9836be0563cdcce, type: 3}
      propertyPath: m_LocalRotation.w
      value: 0.000010074932
      objectReference: {fileID: 0}
    - target: {fileID: 400064, guid: fe5e0906a210d7c4d9836be0563cdcce, type: 3}
      propertyPath: m_LocalPosition.x
      value: -0.08
      objectReference: {fileID: 0}
    - target: {fileID: 400064, guid: fe5e0906a210d7c4d9836be0563cdcce, type: 3}
      propertyPath: m_LocalPosition.y
      value: -0.047
      objectReference: {fileID: 0}
    - target: {fileID: 400064, guid: fe5e0906a210d7c4d9836be0563cdcce, type: 3}
      propertyPath: m_LocalPosition.z
      value: 0.091
      objectReference: {fileID: 0}
    - target: {fileID: 400064, guid: fe5e0906a210d7c4d9836be0563cdcce, type: 3}
      propertyPath: m_LocalEulerAnglesHint.x
      value: 179.998
      objectReference: {fileID: 0}
    - target: {fileID: 400064, guid: fe5e0906a210d7c4d9836be0563cdcce, type: 3}
      propertyPath: m_LocalEulerAnglesHint.y
      value: 2.9149933
      objectReference: {fileID: 0}
    - target: {fileID: 400064, guid: fe5e0906a210d7c4d9836be0563cdcce, type: 3}
      propertyPath: m_LocalEulerAnglesHint.z
      value: -0.04598999
      objectReference: {fileID: 0}
    - target: {fileID: 13700004, guid: fe5e0906a210d7c4d9836be0563cdcce, type: 3}
      propertyPath: m_AABB.m_Center.x
      value: -0.000000007450581
      objectReference: {fileID: 0}
    - target: {fileID: 13700004, guid: fe5e0906a210d7c4d9836be0563cdcce, type: 3}
      propertyPath: m_AABB.m_Center.y
      value: -0.035284508
      objectReference: {fileID: 0}
    - target: {fileID: 13700004, guid: fe5e0906a210d7c4d9836be0563cdcce, type: 3}
      propertyPath: m_AABB.m_Center.z
      value: 0.11630626
      objectReference: {fileID: 0}
    - target: {fileID: 13700004, guid: fe5e0906a210d7c4d9836be0563cdcce, type: 3}
      propertyPath: m_AABB.m_Extent.x
      value: 0.14036682
      objectReference: {fileID: 0}
    - target: {fileID: 13700004, guid: fe5e0906a210d7c4d9836be0563cdcce, type: 3}
      propertyPath: m_AABB.m_Extent.y
      value: 0.06829138
      objectReference: {fileID: 0}
    - target: {fileID: 13700004, guid: fe5e0906a210d7c4d9836be0563cdcce, type: 3}
      propertyPath: m_AABB.m_Extent.z
      value: 0.14362179
      objectReference: {fileID: 0}
    - target: {fileID: 13700004, guid: fe5e0906a210d7c4d9836be0563cdcce, type: 3}
      propertyPath: m_DirtyAABB
      value: 0
      objectReference: {fileID: 0}
    m_RemovedComponents: []
  m_SourcePrefab: {fileID: 100100000, guid: fe5e0906a210d7c4d9836be0563cdcce, type: 3}
--- !u!4 &6470910981363076437 stripped
Transform:
  m_CorrespondingSourceObject: {fileID: 400200, guid: fe5e0906a210d7c4d9836be0563cdcce,
    type: 3}
  m_PrefabInstance: {fileID: 6470910981363209757}
  m_PrefabAsset: {fileID: 0}
